<?xml version="1.0" encoding="UTF-8"?><collection xmlns="http://www.loc.gov/MARC21/slim"><record><leader>00361nam--2200121-i-4500</leader><controlfield tag="001">000037886</controlfield><controlfield tag="002">20161230</controlfield><controlfield tag="005">20161230201041</controlfield><controlfield tag="008">060222s1000------------r-----000-0-eng-d</controlfield><datafield ind1=" " ind2=" " tag="080"><subfield code="a">061.62(44):001.891(047.1)</subfield></datafield><datafield ind1=" " ind2=" " tag="245"><subfield code="a">Rapport annuel 1987 et organisation de la sfen-18 juin 1987</subfield></datafield><datafield ind1=" " ind2=" " tag="260"><subfield code="a">Paris, Societe Francaise D`Energie Nucleaire, 1987, 32p</subfield></datafield><datafield ind1=" " ind2=" " tag="852"><subfield code="a">74083</subfield></datafield></record></collection>